<ENVELOPE>
<HEADER>
<TALLYREQUEST>Import Data</TALLYREQUEST>
</HEADER>
<BODY>
<IMPORTDATA>
<REQUESTDESC>
<REPORTNAME>Vouchers</REPORTNAME>
<STATICVARIABLES>
<SVCURRENTCOMPANY>test company</SVCURRENTCOMPANY>
</STATICVARIABLES>
</REQUESTDESC>
<REQUESTDATA>
<TALLYMESSAGE xmlns:UDF="TallyUDF">
<VOUCHER VCHTYPE="Purchase" ACTION="Create" OBJTYPE="Voucher">
<DATE>20251003</DATE>
<REFERENCEDATE>20251003</REFERENCEDATE>
<VOUCHERTYPENAME>Purchase</VOUCHERTYPENAME>
<REFERENCE>2025-26/190</REFERENCE>
<VOUCHERNUMBER>2025-26/190</VOUCHERNUMBER>
<PARTYLEDGERNAME>DHARAM PAPER MART</PARTYLEDGERNAME>
<PERSISTEDVIEW>Accounting Voucher View</PERSISTEDVIEW>

<!-- PARTY (CREDIT) -->
<ALLLEDGERENTRIES.LIST>
<LEDGERNAME>DHARAM PAPER MART</LEDGERNAME>
<ISDEEMEDPOSITIVE>No</ISDEEMEDPOSITIVE>
<AMOUNT>91934.00</AMOUNT>
<BILLALLOCATIONS.LIST>
<NAME>2025-26/190</NAME>
<BILLTYPE>New Ref</BILLTYPE>
<AMOUNT>91934.00</AMOUNT>
</BILLALLOCATIONS.LIST>
</ALLLEDGERENTRIES.LIST>
<ALLLEDGERENTRIES.LIST>
<LEDGERNAME>Interstate Purchase 18%</LEDGERNAME>
<ISDEEMEDPOSITIVE>Yes</ISDEEMEDPOSITIVE>
<AMOUNT>-77910.00</AMOUNT>
</ALLLEDGERENTRIES.LIST>
<ALLLEDGERENTRIES.LIST>
<LEDGERNAME>Input IGST 18%</LEDGERNAME>
<ISDEEMEDPOSITIVE>Yes</ISDEEMEDPOSITIVE>
<AMOUNT>-14023.80</AMOUNT>
</ALLLEDGERENTRIES.LIST>
<ALLLEDGERENTRIES.LIST>
<LEDGERNAME>Round Off</LEDGERNAME>
<ISDEEMEDPOSITIVE>No</ISDEEMEDPOSITIVE>
<AMOUNT>-0.20</AMOUNT>
</ALLLEDGERENTRIES.LIST>
</VOUCHER>
</TALLYMESSAGE>
<TALLYMESSAGE xmlns:UDF="TallyUDF">
<VOUCHER VCHTYPE="Purchase" ACTION="Create" OBJTYPE="Voucher">
<DATE>20251008</DATE>
<REFERENCEDATE>20251008</REFERENCEDATE>
<VOUCHERTYPENAME>Purchase</VOUCHERTYPENAME>
<REFERENCE>2025-26/193</REFERENCE>
<VOUCHERNUMBER>2025-26/193</VOUCHERNUMBER>
<PARTYLEDGERNAME>DHARAM PAPER MART</PARTYLEDGERNAME>
<PERSISTEDVIEW>Accounting Voucher View</PERSISTEDVIEW>

<!-- PARTY (CREDIT) -->
<ALLLEDGERENTRIES.LIST>
<LEDGERNAME>DHARAM PAPER MART</LEDGERNAME>
<ISDEEMEDPOSITIVE>No</ISDEEMEDPOSITIVE>
<AMOUNT>95254.00</AMOUNT>
<BILLALLOCATIONS.LIST>
<NAME>2025-26/193</NAME>
<BILLTYPE>New Ref</BILLTYPE>
<AMOUNT>95254.00</AMOUNT>
</BILLALLOCATIONS.LIST>
</ALLLEDGERENTRIES.LIST>
<ALLLEDGERENTRIES.LIST>
<LEDGERNAME>Interstate Purchase 18%</LEDGERNAME>
<ISDEEMEDPOSITIVE>Yes</ISDEEMEDPOSITIVE>
<AMOUNT>-80724.00</AMOUNT>
</ALLLEDGERENTRIES.LIST>
<ALLLEDGERENTRIES.LIST>
<LEDGERNAME>Input IGST 18%</LEDGERNAME>
<ISDEEMEDPOSITIVE>Yes</ISDEEMEDPOSITIVE>
<AMOUNT>-14530.32</AMOUNT>
</ALLLEDGERENTRIES.LIST>
<ALLLEDGERENTRIES.LIST>
<LEDGERNAME>Round Off</LEDGERNAME>
<ISDEEMEDPOSITIVE>Yes</ISDEEMEDPOSITIVE>
<AMOUNT>0.32</AMOUNT>
</ALLLEDGERENTRIES.LIST>
</VOUCHER>
</TALLYMESSAGE>
<TALLYMESSAGE xmlns:UDF="TallyUDF">
<VOUCHER VCHTYPE="Purchase" ACTION="Create" OBJTYPE="Voucher">
<DATE>20251012</DATE>
<REFERENCEDATE>20251012</REFERENCEDATE>
<VOUCHERTYPENAME>Purchase</VOUCHERTYPENAME>
<REFERENCE>2025-26/199</REFERENCE>
<VOUCHERNUMBER>2025-26/199</VOUCHERNUMBER>
<PARTYLEDGERNAME>DHARAM PAPER MART</PARTYLEDGERNAME>
<PERSISTEDVIEW>Accounting Voucher View</PERSISTEDVIEW>

<!-- PARTY (CREDIT) -->
<ALLLEDGERENTRIES.LIST>
<LEDGERNAME>DHARAM PAPER MART</LEDGERNAME>
<ISDEEMEDPOSITIVE>No</ISDEEMEDPOSITIVE>
<AMOUNT>55755.00</AMOUNT>
<BILLALLOCATIONS.LIST>
<NAME>2025-26/199</NAME>
<BILLTYPE>New Ref</BILLTYPE>
<AMOUNT>55755.00</AMOUNT>
</BILLALLOCATIONS.LIST>
</ALLLEDGERENTRIES.LIST>
<ALLLEDGERENTRIES.LIST>
<LEDGERNAME>Interstate Purchase 18%</LEDGERNAME>
<ISDEEMEDPOSITIVE>Yes</ISDEEMEDPOSITIVE>
<AMOUNT>-47250.00</AMOUNT>
</ALLLEDGERENTRIES.LIST>
<ALLLEDGERENTRIES.LIST>
<LEDGERNAME>Input IGST 18%</LEDGERNAME>
<ISDEEMEDPOSITIVE>Yes</ISDEEMEDPOSITIVE>
<AMOUNT>-8505.00</AMOUNT>
</ALLLEDGERENTRIES.LIST>
</VOUCHER>
</TALLYMESSAGE>
<TALLYMESSAGE xmlns:UDF="TallyUDF">
<VOUCHER VCHTYPE="Purchase" ACTION="Create" OBJTYPE="Voucher">
<DATE>20251018</DATE>
<REFERENCEDATE>20251018</REFERENCEDATE>
<VOUCHERTYPENAME>Purchase</VOUCHERTYPENAME>
<REFERENCE>2025-26/204</REFERENCE>
<VOUCHERNUMBER>2025-26/204</VOUCHERNUMBER>
<PARTYLEDGERNAME>DHARAM PAPER MART</PARTYLEDGERNAME>
<PERSISTEDVIEW>Accounting Voucher View</PERSISTEDVIEW>

<!-- PARTY (CREDIT) -->
<ALLLEDGERENTRIES.LIST>
<LEDGERNAME>DHARAM PAPER MART</LEDGERNAME>
<ISDEEMEDPOSITIVE>No</ISDEEMEDPOSITIVE>
<AMOUNT>99170.00</AMOUNT>
<BILLALLOCATIONS.LIST>
<NAME>2025-26/204</NAME>
<BILLTYPE>New Ref</BILLTYPE>
<AMOUNT>99170.00</AMOUNT>
</BILLALLOCATIONS.LIST>
</ALLLEDGERENTRIES.LIST>
<ALLLEDGERENTRIES.LIST>
<LEDGERNAME>Interstate Purchase 18%</LEDGERNAME>
<ISDEEMEDPOSITIVE>Yes</ISDEEMEDPOSITIVE>
<AMOUNT>-84042.00</AMOUNT>
</ALLLEDGERENTRIES.LIST>
<ALLLEDGERENTRIES.LIST>
<LEDGERNAME>Input IGST 18%</LEDGERNAME>
<ISDEEMEDPOSITIVE>Yes</ISDEEMEDPOSITIVE>
<AMOUNT>-15127.56</AMOUNT>
</ALLLEDGERENTRIES.LIST>
<ALLLEDGERENTRIES.LIST>
<LEDGERNAME>Round Off</LEDGERNAME>
<ISDEEMEDPOSITIVE>No</ISDEEMEDPOSITIVE>
<AMOUNT>-0.44</AMOUNT>
</ALLLEDGERENTRIES.LIST>
</VOUCHER>
</TALLYMESSAGE>
<TALLYMESSAGE xmlns:UDF="TallyUDF">
<VOUCHER VCHTYPE="Purchase" ACTION="Create" OBJTYPE="Voucher">
<DATE>20251031</DATE>
<REFERENCEDATE>20251031</REFERENCEDATE>
<VOUCHERTYPENAME>Purchase</VOUCHERTYPENAME>
<REFERENCE>2025-26/222</REFERENCE>
<VOUCHERNUMBER>2025-26/222</VOUCHERNUMBER>
<PARTYLEDGERNAME>DHARAM PAPER MART</PARTYLEDGERNAME>
<PERSISTEDVIEW>Accounting Voucher View</PERSISTEDVIEW>

<!-- PARTY (CREDIT) -->
<ALLLEDGERENTRIES.LIST>
<LEDGERNAME>DHARAM PAPER MART</LEDGERNAME>
<ISDEEMEDPOSITIVE>No</ISDEEMEDPOSITIVE>
<AMOUNT>90397.04</AMOUNT>
<BILLALLOCATIONS.LIST>
<NAME>2025-26/222</NAME>
<BILLTYPE>New Ref</BILLTYPE>
<AMOUNT>90397.04</AMOUNT>
</BILLALLOCATIONS.LIST>
</ALLLEDGERENTRIES.LIST>
<ALLLEDGERENTRIES.LIST>
<LEDGERNAME>Interstate Purchase 18%</LEDGERNAME>
<ISDEEMEDPOSITIVE>Yes</ISDEEMEDPOSITIVE>
<AMOUNT>-76608.00</AMOUNT>
</ALLLEDGERENTRIES.LIST>
<ALLLEDGERENTRIES.LIST>
<LEDGERNAME>Input IGST 18%</LEDGERNAME>
<ISDEEMEDPOSITIVE>Yes</ISDEEMEDPOSITIVE>
<AMOUNT>-13789.44</AMOUNT>
</ALLLEDGERENTRIES.LIST>
<ALLLEDGERENTRIES.LIST>
<LEDGERNAME>Round Off</LEDGERNAME>
<ISDEEMEDPOSITIVE>Yes</ISDEEMEDPOSITIVE>
<AMOUNT>0.40</AMOUNT>
</ALLLEDGERENTRIES.LIST>
</VOUCHER>
</TALLYMESSAGE>
<TALLYMESSAGE xmlns:UDF="TallyUDF">
<VOUCHER VCHTYPE="Purchase" ACTION="Create" OBJTYPE="Voucher">
<DATE>20251009</DATE>
<REFERENCEDATE>20251009</REFERENCEDATE>
<VOUCHERTYPENAME>Purchase</VOUCHERTYPENAME>
<REFERENCE>62</REFERENCE>
<VOUCHERNUMBER>62</VOUCHERNUMBER>
<PARTYLEDGERNAME>SUNITHA S PRINTERS</PARTYLEDGERNAME>
<PERSISTEDVIEW>Accounting Voucher View</PERSISTEDVIEW>

<!-- PARTY (CREDIT) -->
<ALLLEDGERENTRIES.LIST>
<LEDGERNAME>SUNITHA S PRINTERS</LEDGERNAME>
<ISDEEMEDPOSITIVE>No</ISDEEMEDPOSITIVE>
<AMOUNT>1020700.00</AMOUNT>
<BILLALLOCATIONS.LIST>
<NAME>62</NAME>
<BILLTYPE>New Ref</BILLTYPE>
<AMOUNT>1020700.00</AMOUNT>
</BILLALLOCATIONS.LIST>
</ALLLEDGERENTRIES.LIST>
<ALLLEDGERENTRIES.LIST>
<LEDGERNAME>Interstate Purchase 18%</LEDGERNAME>
<ISDEEMEDPOSITIVE>Yes</ISDEEMEDPOSITIVE>
<AMOUNT>-865000.00</AMOUNT>
</ALLLEDGERENTRIES.LIST>
<ALLLEDGERENTRIES.LIST>
<LEDGERNAME>Input IGST 18%</LEDGERNAME>
<ISDEEMEDPOSITIVE>Yes</ISDEEMEDPOSITIVE>
<AMOUNT>-155700.00</AMOUNT>
</ALLLEDGERENTRIES.LIST>
</VOUCHER>
</TALLYMESSAGE>
<TALLYMESSAGE xmlns:UDF="TallyUDF">
<VOUCHER VCHTYPE="Purchase" ACTION="Create" OBJTYPE="Voucher">
<DATE>20251006</DATE>
<REFERENCEDATE>20251006</REFERENCEDATE>
<VOUCHERTYPENAME>Purchase</VOUCHERTYPENAME>
<REFERENCE>2458</REFERENCE>
<VOUCHERNUMBER>2458</VOUCHERNUMBER>
<PARTYLEDGERNAME>CHETAK ENTERPRISES</PARTYLEDGERNAME>
<PERSISTEDVIEW>Accounting Voucher View</PERSISTEDVIEW>

<!-- PARTY (CREDIT) -->
<ALLLEDGERENTRIES.LIST>
<LEDGERNAME>CHETAK ENTERPRISES</LEDGERNAME>
<ISDEEMEDPOSITIVE>No</ISDEEMEDPOSITIVE>
<AMOUNT>87438.00</AMOUNT>
<BILLALLOCATIONS.LIST>
<NAME>2458</NAME>
<BILLTYPE>New Ref</BILLTYPE>
<AMOUNT>87438.00</AMOUNT>
</BILLALLOCATIONS.LIST>
</ALLLEDGERENTRIES.LIST>
<ALLLEDGERENTRIES.LIST>
<LEDGERNAME>Local Purchase 18%</LEDGERNAME>
<ISDEEMEDPOSITIVE>Yes</ISDEEMEDPOSITIVE>
<AMOUNT>-74100.00</AMOUNT>
</ALLLEDGERENTRIES.LIST>
<ALLLEDGERENTRIES.LIST>
<LEDGERNAME>Input CGST 9%</LEDGERNAME>
<ISDEEMEDPOSITIVE>Yes</ISDEEMEDPOSITIVE>
<AMOUNT>-6669.00</AMOUNT>
</ALLLEDGERENTRIES.LIST>
<ALLLEDGERENTRIES.LIST>
<LEDGERNAME>Input SGST 9%</LEDGERNAME>
<ISDEEMEDPOSITIVE>Yes</ISDEEMEDPOSITIVE>
<AMOUNT>-6669.00</AMOUNT>
</ALLLEDGERENTRIES.LIST>
</VOUCHER>
</TALLYMESSAGE>
<TALLYMESSAGE xmlns:UDF="TallyUDF">
<VOUCHER VCHTYPE="Purchase" ACTION="Create" OBJTYPE="Voucher">
<DATE>20251010</DATE>
<REFERENCEDATE>20251010</REFERENCEDATE>
<VOUCHERTYPENAME>Purchase</VOUCHERTYPENAME>
<REFERENCE>2460</REFERENCE>
<VOUCHERNUMBER>2460</VOUCHERNUMBER>
<PARTYLEDGERNAME>CHETAK ENTERPRISES</PARTYLEDGERNAME>
<PERSISTEDVIEW>Accounting Voucher View</PERSISTEDVIEW>

<!-- PARTY (CREDIT) -->
<ALLLEDGERENTRIES.LIST>
<LEDGERNAME>CHETAK ENTERPRISES</LEDGERNAME>
<ISDEEMEDPOSITIVE>No</ISDEEMEDPOSITIVE>
<AMOUNT>92040.00</AMOUNT>
<BILLALLOCATIONS.LIST>
<NAME>2460</NAME>
<BILLTYPE>New Ref</BILLTYPE>
<AMOUNT>92040.00</AMOUNT>
</BILLALLOCATIONS.LIST>
</ALLLEDGERENTRIES.LIST>
<ALLLEDGERENTRIES.LIST>
<LEDGERNAME>Local Purchase 18%</LEDGERNAME>
<ISDEEMEDPOSITIVE>Yes</ISDEEMEDPOSITIVE>
<AMOUNT>-78000.00</AMOUNT>
</ALLLEDGERENTRIES.LIST>
<ALLLEDGERENTRIES.LIST>
<LEDGERNAME>Input CGST 9%</LEDGERNAME>
<ISDEEMEDPOSITIVE>Yes</ISDEEMEDPOSITIVE>
<AMOUNT>-7020.00</AMOUNT>
</ALLLEDGERENTRIES.LIST>
<ALLLEDGERENTRIES.LIST>
<LEDGERNAME>Input SGST 9%</LEDGERNAME>
<ISDEEMEDPOSITIVE>Yes</ISDEEMEDPOSITIVE>
<AMOUNT>-7020.00</AMOUNT>
</ALLLEDGERENTRIES.LIST>
</VOUCHER>
</TALLYMESSAGE>
<TALLYMESSAGE xmlns:UDF="TallyUDF">
<VOUCHER VCHTYPE="Purchase" ACTION="Create" OBJTYPE="Voucher">
<DATE>20251011</DATE>
<REFERENCEDATE>20251011</REFERENCEDATE>
<VOUCHERTYPENAME>Purchase</VOUCHERTYPENAME>
<REFERENCE>2462</REFERENCE>
<VOUCHERNUMBER>2462</VOUCHERNUMBER>
<PARTYLEDGERNAME>CHETAK ENTERPRISES</PARTYLEDGERNAME>
<PERSISTEDVIEW>Accounting Voucher View</PERSISTEDVIEW>

<!-- PARTY (CREDIT) -->
<ALLLEDGERENTRIES.LIST>
<LEDGERNAME>CHETAK ENTERPRISES</LEDGERNAME>
<ISDEEMEDPOSITIVE>No</ISDEEMEDPOSITIVE>
<AMOUNT>95108.00</AMOUNT>
<BILLALLOCATIONS.LIST>
<NAME>2462</NAME>
<BILLTYPE>New Ref</BILLTYPE>
<AMOUNT>95108.00</AMOUNT>
</BILLALLOCATIONS.LIST>
</ALLLEDGERENTRIES.LIST>
<ALLLEDGERENTRIES.LIST>
<LEDGERNAME>Local Purchase 18%</LEDGERNAME>
<ISDEEMEDPOSITIVE>Yes</ISDEEMEDPOSITIVE>
<AMOUNT>-80600.00</AMOUNT>
</ALLLEDGERENTRIES.LIST>
<ALLLEDGERENTRIES.LIST>
<LEDGERNAME>Input CGST 9%</LEDGERNAME>
<ISDEEMEDPOSITIVE>Yes</ISDEEMEDPOSITIVE>
<AMOUNT>-7254.00</AMOUNT>
</ALLLEDGERENTRIES.LIST>
<ALLLEDGERENTRIES.LIST>
<LEDGERNAME>Input SGST 9%</LEDGERNAME>
<ISDEEMEDPOSITIVE>Yes</ISDEEMEDPOSITIVE>
<AMOUNT>-7254.00</AMOUNT>
</ALLLEDGERENTRIES.LIST>
</VOUCHER>
</TALLYMESSAGE>
<TALLYMESSAGE xmlns:UDF="TallyUDF">
<VOUCHER VCHTYPE="Purchase" ACTION="Create" OBJTYPE="Voucher">
<DATE>20251013</DATE>
<REFERENCEDATE>20251013</REFERENCEDATE>
<VOUCHERTYPENAME>Purchase</VOUCHERTYPENAME>
<REFERENCE>2463</REFERENCE>
<VOUCHERNUMBER>2463</VOUCHERNUMBER>
<PARTYLEDGERNAME>CHETAK ENTERPRISES</PARTYLEDGERNAME>
<PERSISTEDVIEW>Accounting Voucher View</PERSISTEDVIEW>

<!-- PARTY (CREDIT) -->
<ALLLEDGERENTRIES.LIST>
<LEDGERNAME>CHETAK ENTERPRISES</LEDGERNAME>
<ISDEEMEDPOSITIVE>No</ISDEEMEDPOSITIVE>
<AMOUNT>99710.00</AMOUNT>
<BILLALLOCATIONS.LIST>
<NAME>2463</NAME>
<BILLTYPE>New Ref</BILLTYPE>
<AMOUNT>99710.00</AMOUNT>
</BILLALLOCATIONS.LIST>
</ALLLEDGERENTRIES.LIST>
<ALLLEDGERENTRIES.LIST>
<LEDGERNAME>Local Purchase 18%</LEDGERNAME>
<ISDEEMEDPOSITIVE>Yes</ISDEEMEDPOSITIVE>
<AMOUNT>-84500.00</AMOUNT>
</ALLLEDGERENTRIES.LIST>
<ALLLEDGERENTRIES.LIST>
<LEDGERNAME>Input CGST 9%</LEDGERNAME>
<ISDEEMEDPOSITIVE>Yes</ISDEEMEDPOSITIVE>
<AMOUNT>-7605.00</AMOUNT>
</ALLLEDGERENTRIES.LIST>
<ALLLEDGERENTRIES.LIST>
<LEDGERNAME>Input SGST 9%</LEDGERNAME>
<ISDEEMEDPOSITIVE>Yes</ISDEEMEDPOSITIVE>
<AMOUNT>-7605.00</AMOUNT>
</ALLLEDGERENTRIES.LIST>
</VOUCHER>
</TALLYMESSAGE>
<TALLYMESSAGE xmlns:UDF="TallyUDF">
<VOUCHER VCHTYPE="Purchase" ACTION="Create" OBJTYPE="Voucher">
<DATE>20251013</DATE>
<REFERENCEDATE>20251013</REFERENCEDATE>
<VOUCHERTYPENAME>Purchase</VOUCHERTYPENAME>
<REFERENCE>2464</REFERENCE>
<VOUCHERNUMBER>2464</VOUCHERNUMBER>
<PARTYLEDGERNAME>CHETAK ENTERPRISES</PARTYLEDGERNAME>
<PERSISTEDVIEW>Accounting Voucher View</PERSISTEDVIEW>

<!-- PARTY (CREDIT) -->
<ALLLEDGERENTRIES.LIST>
<LEDGERNAME>CHETAK ENTERPRISES</LEDGERNAME>
<ISDEEMEDPOSITIVE>No</ISDEEMEDPOSITIVE>
<AMOUNT>96642.00</AMOUNT>
<BILLALLOCATIONS.LIST>
<NAME>2464</NAME>
<BILLTYPE>New Ref</BILLTYPE>
<AMOUNT>96642.00</AMOUNT>
</BILLALLOCATIONS.LIST>
</ALLLEDGERENTRIES.LIST>
<ALLLEDGERENTRIES.LIST>
<LEDGERNAME>Local Purchase 18%</LEDGERNAME>
<ISDEEMEDPOSITIVE>Yes</ISDEEMEDPOSITIVE>
<AMOUNT>-81900.00</AMOUNT>
</ALLLEDGERENTRIES.LIST>
<ALLLEDGERENTRIES.LIST>
<LEDGERNAME>Input CGST 9%</LEDGERNAME>
<ISDEEMEDPOSITIVE>Yes</ISDEEMEDPOSITIVE>
<AMOUNT>-7371.00</AMOUNT>
</ALLLEDGERENTRIES.LIST>
<ALLLEDGERENTRIES.LIST>
<LEDGERNAME>Input SGST 9%</LEDGERNAME>
<ISDEEMEDPOSITIVE>Yes</ISDEEMEDPOSITIVE>
<AMOUNT>-7371.00</AMOUNT>
</ALLLEDGERENTRIES.LIST>
</VOUCHER>
</TALLYMESSAGE>
</REQUESTDATA>
</IMPORTDATA>
</BODY>
</ENVELOPE>