<ENVELOPE>
<HEADER>
<TALLYREQUEST>Import Data</TALLYREQUEST>
</HEADER>
<BODY>
<IMPORTDATA>
<REQUESTDESC>
<REPORTNAME>Vouchers</REPORTNAME>
<STATICVARIABLES>
<SVCURRENTCOMPANY>test company</SVCURRENTCOMPANY>
</STATICVARIABLES>
</REQUESTDESC>
<REQUESTDATA>
<TALLYMESSAGE xmlns:UDF="TallyUDF">
<VOUCHER VCHTYPE="Purchase" ACTION="Create" OBJTYPE="Voucher">
<DATE>20250403</DATE>
<REFERENCEDATE>20250403</REFERENCEDATE>
<VOUCHERTYPENAME>Purchase</VOUCHERTYPENAME>
<REFERENCE>2025-26/002</REFERENCE>
<VOUCHERNUMBER>2025-26/002</VOUCHERNUMBER>
<PARTYLEDGERNAME>DHARAM PAPER MART</PARTYLEDGERNAME>
<PERSISTEDVIEW>Accounting Voucher View</PERSISTEDVIEW>

<!-- PARTY (CREDIT) -->
<ALLLEDGERENTRIES.LIST>
<LEDGERNAME>DHARAM PAPER MART</LEDGERNAME>
<ISDEEMEDPOSITIVE>No</ISDEEMEDPOSITIVE>
<AMOUNT>78534.00</AMOUNT>
<BILLALLOCATIONS.LIST>
<NAME>2025-26/002</NAME>
<BILLTYPE>New Ref</BILLTYPE>
<AMOUNT>78534.00</AMOUNT>
</BILLALLOCATIONS.LIST>
</ALLLEDGERENTRIES.LIST>
<ALLLEDGERENTRIES.LIST>
<LEDGERNAME>Interstate Purchase 12%</LEDGERNAME>
<ISDEEMEDPOSITIVE>Yes</ISDEEMEDPOSITIVE>
<AMOUNT>-70120.00</AMOUNT>
</ALLLEDGERENTRIES.LIST>
<ALLLEDGERENTRIES.LIST>
<LEDGERNAME>Input IGST 12%</LEDGERNAME>
<ISDEEMEDPOSITIVE>Yes</ISDEEMEDPOSITIVE>
<AMOUNT>-8414.40</AMOUNT>
</ALLLEDGERENTRIES.LIST>
<ALLLEDGERENTRIES.LIST>
<LEDGERNAME>Round Off</LEDGERNAME>
<ISDEEMEDPOSITIVE>Yes</ISDEEMEDPOSITIVE>
<AMOUNT>0.40</AMOUNT>
</ALLLEDGERENTRIES.LIST>
</VOUCHER>
</TALLYMESSAGE>
<TALLYMESSAGE xmlns:UDF="TallyUDF">
<VOUCHER VCHTYPE="Purchase" ACTION="Create" OBJTYPE="Voucher">
<DATE>20250407</DATE>
<REFERENCEDATE>20250407</REFERENCEDATE>
<VOUCHERTYPENAME>Purchase</VOUCHERTYPENAME>
<REFERENCE>2025-26/004</REFERENCE>
<VOUCHERNUMBER>2025-26/004</VOUCHERNUMBER>
<PARTYLEDGERNAME>DHARAM PAPER MART</PARTYLEDGERNAME>
<PERSISTEDVIEW>Accounting Voucher View</PERSISTEDVIEW>

<!-- PARTY (CREDIT) -->
<ALLLEDGERENTRIES.LIST>
<LEDGERNAME>DHARAM PAPER MART</LEDGERNAME>
<ISDEEMEDPOSITIVE>No</ISDEEMEDPOSITIVE>
<AMOUNT>54880.00</AMOUNT>
<BILLALLOCATIONS.LIST>
<NAME>2025-26/004</NAME>
<BILLTYPE>New Ref</BILLTYPE>
<AMOUNT>54880.00</AMOUNT>
</BILLALLOCATIONS.LIST>
</ALLLEDGERENTRIES.LIST>
<ALLLEDGERENTRIES.LIST>
<LEDGERNAME>Interstate Purchase 12%</LEDGERNAME>
<ISDEEMEDPOSITIVE>Yes</ISDEEMEDPOSITIVE>
<AMOUNT>-49000.00</AMOUNT>
</ALLLEDGERENTRIES.LIST>
<ALLLEDGERENTRIES.LIST>
<LEDGERNAME>Input IGST 12%</LEDGERNAME>
<ISDEEMEDPOSITIVE>Yes</ISDEEMEDPOSITIVE>
<AMOUNT>-5880.00</AMOUNT>
</ALLLEDGERENTRIES.LIST>
</VOUCHER>
</TALLYMESSAGE>
<TALLYMESSAGE xmlns:UDF="TallyUDF">
<VOUCHER VCHTYPE="Purchase" ACTION="Create" OBJTYPE="Voucher">
<DATE>20250412</DATE>
<REFERENCEDATE>20250412</REFERENCEDATE>
<VOUCHERTYPENAME>Purchase</VOUCHERTYPENAME>
<REFERENCE>2025-26/008</REFERENCE>
<VOUCHERNUMBER>2025-26/008</VOUCHERNUMBER>
<PARTYLEDGERNAME>DHARAM PAPER MART</PARTYLEDGERNAME>
<PERSISTEDVIEW>Accounting Voucher View</PERSISTEDVIEW>

<!-- PARTY (CREDIT) -->
<ALLLEDGERENTRIES.LIST>
<LEDGERNAME>DHARAM PAPER MART</LEDGERNAME>
<ISDEEMEDPOSITIVE>No</ISDEEMEDPOSITIVE>
<AMOUNT>83955.00</AMOUNT>
<BILLALLOCATIONS.LIST>
<NAME>2025-26/008</NAME>
<BILLTYPE>New Ref</BILLTYPE>
<AMOUNT>83955.00</AMOUNT>
</BILLALLOCATIONS.LIST>
</ALLLEDGERENTRIES.LIST>
<ALLLEDGERENTRIES.LIST>
<LEDGERNAME>Interstate Purchase 12%</LEDGERNAME>
<ISDEEMEDPOSITIVE>Yes</ISDEEMEDPOSITIVE>
<AMOUNT>-74960.00</AMOUNT>
</ALLLEDGERENTRIES.LIST>
<ALLLEDGERENTRIES.LIST>
<LEDGERNAME>Input IGST 12%</LEDGERNAME>
<ISDEEMEDPOSITIVE>Yes</ISDEEMEDPOSITIVE>
<AMOUNT>-8995.20</AMOUNT>
</ALLLEDGERENTRIES.LIST>
<ALLLEDGERENTRIES.LIST>
<LEDGERNAME>Round Off</LEDGERNAME>
<ISDEEMEDPOSITIVE>Yes</ISDEEMEDPOSITIVE>
<AMOUNT>0.20</AMOUNT>
</ALLLEDGERENTRIES.LIST>
</VOUCHER>
</TALLYMESSAGE>
<TALLYMESSAGE xmlns:UDF="TallyUDF">
<VOUCHER VCHTYPE="Purchase" ACTION="Create" OBJTYPE="Voucher">
<DATE>20250418</DATE>
<REFERENCEDATE>20250418</REFERENCEDATE>
<VOUCHERTYPENAME>Purchase</VOUCHERTYPENAME>
<REFERENCE>2025-26/015</REFERENCE>
<VOUCHERNUMBER>2025-26/015</VOUCHERNUMBER>
<PARTYLEDGERNAME>DHARAM PAPER MART</PARTYLEDGERNAME>
<PERSISTEDVIEW>Accounting Voucher View</PERSISTEDVIEW>

<!-- PARTY (CREDIT) -->
<ALLLEDGERENTRIES.LIST>
<LEDGERNAME>DHARAM PAPER MART</LEDGERNAME>
<ISDEEMEDPOSITIVE>No</ISDEEMEDPOSITIVE>
<AMOUNT>50355.00</AMOUNT>
<BILLALLOCATIONS.LIST>
<NAME>2025-26/015</NAME>
<BILLTYPE>New Ref</BILLTYPE>
<AMOUNT>50355.00</AMOUNT>
</BILLALLOCATIONS.LIST>
</ALLLEDGERENTRIES.LIST>
<ALLLEDGERENTRIES.LIST>
<LEDGERNAME>Interstate Purchase 12%</LEDGERNAME>
<ISDEEMEDPOSITIVE>Yes</ISDEEMEDPOSITIVE>
<AMOUNT>-44960.00</AMOUNT>
</ALLLEDGERENTRIES.LIST>
<ALLLEDGERENTRIES.LIST>
<LEDGERNAME>Input IGST 12%</LEDGERNAME>
<ISDEEMEDPOSITIVE>Yes</ISDEEMEDPOSITIVE>
<AMOUNT>-5395.20</AMOUNT>
</ALLLEDGERENTRIES.LIST>
<ALLLEDGERENTRIES.LIST>
<LEDGERNAME>Round Off</LEDGERNAME>
<ISDEEMEDPOSITIVE>Yes</ISDEEMEDPOSITIVE>
<AMOUNT>0.20</AMOUNT>
</ALLLEDGERENTRIES.LIST>
</VOUCHER>
</TALLYMESSAGE>
<TALLYMESSAGE xmlns:UDF="TallyUDF">
<VOUCHER VCHTYPE="Purchase" ACTION="Create" OBJTYPE="Voucher">
<DATE>20250425</DATE>
<REFERENCEDATE>20250425</REFERENCEDATE>
<VOUCHERTYPENAME>Purchase</VOUCHERTYPENAME>
<REFERENCE>2025-26/020</REFERENCE>
<VOUCHERNUMBER>2025-26/020</VOUCHERNUMBER>
<PARTYLEDGERNAME>DHARAM PAPER MART</PARTYLEDGERNAME>
<PERSISTEDVIEW>Accounting Voucher View</PERSISTEDVIEW>

<!-- PARTY (CREDIT) -->
<ALLLEDGERENTRIES.LIST>
<LEDGERNAME>DHARAM PAPER MART</LEDGERNAME>
<ISDEEMEDPOSITIVE>No</ISDEEMEDPOSITIVE>
<AMOUNT>82337.00</AMOUNT>
<BILLALLOCATIONS.LIST>
<NAME>2025-26/020</NAME>
<BILLTYPE>New Ref</BILLTYPE>
<AMOUNT>82337.00</AMOUNT>
</BILLALLOCATIONS.LIST>
</ALLLEDGERENTRIES.LIST>
<ALLLEDGERENTRIES.LIST>
<LEDGERNAME>Interstate Purchase 12%</LEDGERNAME>
<ISDEEMEDPOSITIVE>Yes</ISDEEMEDPOSITIVE>
<AMOUNT>-73515.00</AMOUNT>
</ALLLEDGERENTRIES.LIST>
<ALLLEDGERENTRIES.LIST>
<LEDGERNAME>Input IGST 12%</LEDGERNAME>
<ISDEEMEDPOSITIVE>Yes</ISDEEMEDPOSITIVE>
<AMOUNT>-8821.80</AMOUNT>
</ALLLEDGERENTRIES.LIST>
<ALLLEDGERENTRIES.LIST>
<LEDGERNAME>Round Off</LEDGERNAME>
<ISDEEMEDPOSITIVE>No</ISDEEMEDPOSITIVE>
<AMOUNT>-0.20</AMOUNT>
</ALLLEDGERENTRIES.LIST>
</VOUCHER>
</TALLYMESSAGE>
<TALLYMESSAGE xmlns:UDF="TallyUDF">
<VOUCHER VCHTYPE="Purchase" ACTION="Create" OBJTYPE="Voucher">
<DATE>20250430</DATE>
<REFERENCEDATE>20250430</REFERENCEDATE>
<VOUCHERTYPENAME>Purchase</VOUCHERTYPENAME>
<REFERENCE>2025-26/027</REFERENCE>
<VOUCHERNUMBER>2025-26/027</VOUCHERNUMBER>
<PARTYLEDGERNAME>DHARAM PAPER MART</PARTYLEDGERNAME>
<PERSISTEDVIEW>Accounting Voucher View</PERSISTEDVIEW>

<!-- PARTY (CREDIT) -->
<ALLLEDGERENTRIES.LIST>
<LEDGERNAME>DHARAM PAPER MART</LEDGERNAME>
<ISDEEMEDPOSITIVE>No</ISDEEMEDPOSITIVE>
<AMOUNT>78842.00</AMOUNT>
<BILLALLOCATIONS.LIST>
<NAME>2025-26/027</NAME>
<BILLTYPE>New Ref</BILLTYPE>
<AMOUNT>78842.00</AMOUNT>
</BILLALLOCATIONS.LIST>
</ALLLEDGERENTRIES.LIST>
<ALLLEDGERENTRIES.LIST>
<LEDGERNAME>Interstate Purchase 12%</LEDGERNAME>
<ISDEEMEDPOSITIVE>Yes</ISDEEMEDPOSITIVE>
<AMOUNT>-70395.00</AMOUNT>
</ALLLEDGERENTRIES.LIST>
<ALLLEDGERENTRIES.LIST>
<LEDGERNAME>Input IGST 12%</LEDGERNAME>
<ISDEEMEDPOSITIVE>Yes</ISDEEMEDPOSITIVE>
<AMOUNT>-8447.40</AMOUNT>
</ALLLEDGERENTRIES.LIST>
<ALLLEDGERENTRIES.LIST>
<LEDGERNAME>Round Off</LEDGERNAME>
<ISDEEMEDPOSITIVE>Yes</ISDEEMEDPOSITIVE>
<AMOUNT>0.40</AMOUNT>
</ALLLEDGERENTRIES.LIST>
</VOUCHER>
</TALLYMESSAGE>
<TALLYMESSAGE xmlns:UDF="TallyUDF">
<VOUCHER VCHTYPE="Purchase" ACTION="Create" OBJTYPE="Voucher">
<DATE>20250410</DATE>
<REFERENCEDATE>20250410</REFERENCEDATE>
<VOUCHERTYPENAME>Purchase</VOUCHERTYPENAME>
<REFERENCE>2293</REFERENCE>
<VOUCHERNUMBER>2293</VOUCHERNUMBER>
<PARTYLEDGERNAME>CHETAK ENTERPRISES</PARTYLEDGERNAME>
<PERSISTEDVIEW>Accounting Voucher View</PERSISTEDVIEW>

<!-- PARTY (CREDIT) -->
<ALLLEDGERENTRIES.LIST>
<LEDGERNAME>CHETAK ENTERPRISES</LEDGERNAME>
<ISDEEMEDPOSITIVE>No</ISDEEMEDPOSITIVE>
<AMOUNT>97552.00</AMOUNT>
<BILLALLOCATIONS.LIST>
<NAME>2293</NAME>
<BILLTYPE>New Ref</BILLTYPE>
<AMOUNT>97552.00</AMOUNT>
</BILLALLOCATIONS.LIST>
</ALLLEDGERENTRIES.LIST>
<ALLLEDGERENTRIES.LIST>
<LEDGERNAME>Local Purchase 12%</LEDGERNAME>
<ISDEEMEDPOSITIVE>Yes</ISDEEMEDPOSITIVE>
<AMOUNT>-87100.00</AMOUNT>
</ALLLEDGERENTRIES.LIST>
<ALLLEDGERENTRIES.LIST>
<LEDGERNAME>Input CGST 6%</LEDGERNAME>
<ISDEEMEDPOSITIVE>Yes</ISDEEMEDPOSITIVE>
<AMOUNT>-5226.00</AMOUNT>
</ALLLEDGERENTRIES.LIST>
<ALLLEDGERENTRIES.LIST>
<LEDGERNAME>Input SGST 6%</LEDGERNAME>
<ISDEEMEDPOSITIVE>Yes</ISDEEMEDPOSITIVE>
<AMOUNT>-5226.00</AMOUNT>
</ALLLEDGERENTRIES.LIST>
</VOUCHER>
</TALLYMESSAGE>
<TALLYMESSAGE xmlns:UDF="TallyUDF">
<VOUCHER VCHTYPE="Purchase" ACTION="Create" OBJTYPE="Voucher">
<DATE>20250412</DATE>
<REFERENCEDATE>20250412</REFERENCEDATE>
<VOUCHERTYPENAME>Purchase</VOUCHERTYPENAME>
<REFERENCE>2295</REFERENCE>
<VOUCHERNUMBER>2295</VOUCHERNUMBER>
<PARTYLEDGERNAME>CHETAK ENTERPRISES</PARTYLEDGERNAME>
<PERSISTEDVIEW>Accounting Voucher View</PERSISTEDVIEW>

<!-- PARTY (CREDIT) -->
<ALLLEDGERENTRIES.LIST>
<LEDGERNAME>CHETAK ENTERPRISES</LEDGERNAME>
<ISDEEMEDPOSITIVE>No</ISDEEMEDPOSITIVE>
<AMOUNT>96096.00</AMOUNT>
<BILLALLOCATIONS.LIST>
<NAME>2295</NAME>
<BILLTYPE>New Ref</BILLTYPE>
<AMOUNT>96096.00</AMOUNT>
</BILLALLOCATIONS.LIST>
</ALLLEDGERENTRIES.LIST>
<ALLLEDGERENTRIES.LIST>
<LEDGERNAME>Local Purchase 12%</LEDGERNAME>
<ISDEEMEDPOSITIVE>Yes</ISDEEMEDPOSITIVE>
<AMOUNT>-85800.00</AMOUNT>
</ALLLEDGERENTRIES.LIST>
<ALLLEDGERENTRIES.LIST>
<LEDGERNAME>Input CGST 6%</LEDGERNAME>
<ISDEEMEDPOSITIVE>Yes</ISDEEMEDPOSITIVE>
<AMOUNT>-5148.00</AMOUNT>
</ALLLEDGERENTRIES.LIST>
<ALLLEDGERENTRIES.LIST>
<LEDGERNAME>Input SGST 6%</LEDGERNAME>
<ISDEEMEDPOSITIVE>Yes</ISDEEMEDPOSITIVE>
<AMOUNT>-5148.00</AMOUNT>
</ALLLEDGERENTRIES.LIST>
</VOUCHER>
</TALLYMESSAGE>
<TALLYMESSAGE xmlns:UDF="TallyUDF">
<VOUCHER VCHTYPE="Purchase" ACTION="Create" OBJTYPE="Voucher">
<DATE>20250414</DATE>
<REFERENCEDATE>20250414</REFERENCEDATE>
<VOUCHERTYPENAME>Purchase</VOUCHERTYPENAME>
<REFERENCE>2297</REFERENCE>
<VOUCHERNUMBER>2297</VOUCHERNUMBER>
<PARTYLEDGERNAME>CHETAK ENTERPRISES</PARTYLEDGERNAME>
<PERSISTEDVIEW>Accounting Voucher View</PERSISTEDVIEW>

<!-- PARTY (CREDIT) -->
<ALLLEDGERENTRIES.LIST>
<LEDGERNAME>CHETAK ENTERPRISES</LEDGERNAME>
<ISDEEMEDPOSITIVE>No</ISDEEMEDPOSITIVE>
<AMOUNT>99008.00</AMOUNT>
<BILLALLOCATIONS.LIST>
<NAME>2297</NAME>
<BILLTYPE>New Ref</BILLTYPE>
<AMOUNT>99008.00</AMOUNT>
</BILLALLOCATIONS.LIST>
</ALLLEDGERENTRIES.LIST>
<ALLLEDGERENTRIES.LIST>
<LEDGERNAME>Local Purchase 12%</LEDGERNAME>
<ISDEEMEDPOSITIVE>Yes</ISDEEMEDPOSITIVE>
<AMOUNT>-88400.00</AMOUNT>
</ALLLEDGERENTRIES.LIST>
<ALLLEDGERENTRIES.LIST>
<LEDGERNAME>Input CGST 6%</LEDGERNAME>
<ISDEEMEDPOSITIVE>Yes</ISDEEMEDPOSITIVE>
<AMOUNT>-5304.00</AMOUNT>
</ALLLEDGERENTRIES.LIST>
<ALLLEDGERENTRIES.LIST>
<LEDGERNAME>Input SGST 6%</LEDGERNAME>
<ISDEEMEDPOSITIVE>Yes</ISDEEMEDPOSITIVE>
<AMOUNT>-5304.00</AMOUNT>
</ALLLEDGERENTRIES.LIST>
</VOUCHER>
</TALLYMESSAGE>
<TALLYMESSAGE xmlns:UDF="TallyUDF">
<VOUCHER VCHTYPE="Purchase" ACTION="Create" OBJTYPE="Voucher">
<DATE>20250415</DATE>
<REFERENCEDATE>20250415</REFERENCEDATE>
<VOUCHERTYPENAME>Purchase</VOUCHERTYPENAME>
<REFERENCE>2299</REFERENCE>
<VOUCHERNUMBER>2299</VOUCHERNUMBER>
<PARTYLEDGERNAME>CHETAK ENTERPRISES</PARTYLEDGERNAME>
<PERSISTEDVIEW>Accounting Voucher View</PERSISTEDVIEW>

<!-- PARTY (CREDIT) -->
<ALLLEDGERENTRIES.LIST>
<LEDGERNAME>CHETAK ENTERPRISES</LEDGERNAME>
<ISDEEMEDPOSITIVE>No</ISDEEMEDPOSITIVE>
<AMOUNT>81536.00</AMOUNT>
<BILLALLOCATIONS.LIST>
<NAME>2299</NAME>
<BILLTYPE>New Ref</BILLTYPE>
<AMOUNT>81536.00</AMOUNT>
</BILLALLOCATIONS.LIST>
</ALLLEDGERENTRIES.LIST>
<ALLLEDGERENTRIES.LIST>
<LEDGERNAME>Local Purchase 12%</LEDGERNAME>
<ISDEEMEDPOSITIVE>Yes</ISDEEMEDPOSITIVE>
<AMOUNT>-72800.00</AMOUNT>
</ALLLEDGERENTRIES.LIST>
<ALLLEDGERENTRIES.LIST>
<LEDGERNAME>Input CGST 6%</LEDGERNAME>
<ISDEEMEDPOSITIVE>Yes</ISDEEMEDPOSITIVE>
<AMOUNT>-4368.00</AMOUNT>
</ALLLEDGERENTRIES.LIST>
<ALLLEDGERENTRIES.LIST>
<LEDGERNAME>Input SGST 6%</LEDGERNAME>
<ISDEEMEDPOSITIVE>Yes</ISDEEMEDPOSITIVE>
<AMOUNT>-4368.00</AMOUNT>
</ALLLEDGERENTRIES.LIST>
</VOUCHER>
</TALLYMESSAGE>
<TALLYMESSAGE xmlns:UDF="TallyUDF">
<VOUCHER VCHTYPE="Purchase" ACTION="Create" OBJTYPE="Voucher">
<DATE>20250416</DATE>
<REFERENCEDATE>20250416</REFERENCEDATE>
<VOUCHERTYPENAME>Purchase</VOUCHERTYPENAME>
<REFERENCE>2301</REFERENCE>
<VOUCHERNUMBER>2301</VOUCHERNUMBER>
<PARTYLEDGERNAME>CHETAK ENTERPRISES</PARTYLEDGERNAME>
<PERSISTEDVIEW>Accounting Voucher View</PERSISTEDVIEW>

<!-- PARTY (CREDIT) -->
<ALLLEDGERENTRIES.LIST>
<LEDGERNAME>CHETAK ENTERPRISES</LEDGERNAME>
<ISDEEMEDPOSITIVE>No</ISDEEMEDPOSITIVE>
<AMOUNT>81536.00</AMOUNT>
<BILLALLOCATIONS.LIST>
<NAME>2301</NAME>
<BILLTYPE>New Ref</BILLTYPE>
<AMOUNT>81536.00</AMOUNT>
</BILLALLOCATIONS.LIST>
</ALLLEDGERENTRIES.LIST>
<ALLLEDGERENTRIES.LIST>
<LEDGERNAME>Local Purchase 12%</LEDGERNAME>
<ISDEEMEDPOSITIVE>Yes</ISDEEMEDPOSITIVE>
<AMOUNT>-72800.00</AMOUNT>
</ALLLEDGERENTRIES.LIST>
<ALLLEDGERENTRIES.LIST>
<LEDGERNAME>Input CGST 6%</LEDGERNAME>
<ISDEEMEDPOSITIVE>Yes</ISDEEMEDPOSITIVE>
<AMOUNT>-4368.00</AMOUNT>
</ALLLEDGERENTRIES.LIST>
<ALLLEDGERENTRIES.LIST>
<LEDGERNAME>Input SGST 6%</LEDGERNAME>
<ISDEEMEDPOSITIVE>Yes</ISDEEMEDPOSITIVE>
<AMOUNT>-4368.00</AMOUNT>
</ALLLEDGERENTRIES.LIST>
</VOUCHER>
</TALLYMESSAGE>
<TALLYMESSAGE xmlns:UDF="TallyUDF">
<VOUCHER VCHTYPE="Purchase" ACTION="Create" OBJTYPE="Voucher">
<DATE>20250417</DATE>
<REFERENCEDATE>20250417</REFERENCEDATE>
<VOUCHERTYPENAME>Purchase</VOUCHERTYPENAME>
<REFERENCE>2303</REFERENCE>
<VOUCHERNUMBER>2303</VOUCHERNUMBER>
<PARTYLEDGERNAME>CHETAK ENTERPRISES</PARTYLEDGERNAME>
<PERSISTEDVIEW>Accounting Voucher View</PERSISTEDVIEW>

<!-- PARTY (CREDIT) -->
<ALLLEDGERENTRIES.LIST>
<LEDGERNAME>CHETAK ENTERPRISES</LEDGERNAME>
<ISDEEMEDPOSITIVE>No</ISDEEMEDPOSITIVE>
<AMOUNT>84448.00</AMOUNT>
<BILLALLOCATIONS.LIST>
<NAME>2303</NAME>
<BILLTYPE>New Ref</BILLTYPE>
<AMOUNT>84448.00</AMOUNT>
</BILLALLOCATIONS.LIST>
</ALLLEDGERENTRIES.LIST>
<ALLLEDGERENTRIES.LIST>
<LEDGERNAME>Local Purchase 12%</LEDGERNAME>
<ISDEEMEDPOSITIVE>Yes</ISDEEMEDPOSITIVE>
<AMOUNT>-75400.00</AMOUNT>
</ALLLEDGERENTRIES.LIST>
<ALLLEDGERENTRIES.LIST>
<LEDGERNAME>Input CGST 6%</LEDGERNAME>
<ISDEEMEDPOSITIVE>Yes</ISDEEMEDPOSITIVE>
<AMOUNT>-4524.00</AMOUNT>
</ALLLEDGERENTRIES.LIST>
<ALLLEDGERENTRIES.LIST>
<LEDGERNAME>Input SGST 6%</LEDGERNAME>
<ISDEEMEDPOSITIVE>Yes</ISDEEMEDPOSITIVE>
<AMOUNT>-4524.00</AMOUNT>
</ALLLEDGERENTRIES.LIST>
</VOUCHER>
</TALLYMESSAGE>
<TALLYMESSAGE xmlns:UDF="TallyUDF">
<VOUCHER VCHTYPE="Purchase" ACTION="Create" OBJTYPE="Voucher">
<DATE>20250418</DATE>
<REFERENCEDATE>20250418</REFERENCEDATE>
<VOUCHERTYPENAME>Purchase</VOUCHERTYPENAME>
<REFERENCE>2305</REFERENCE>
<VOUCHERNUMBER>2305</VOUCHERNUMBER>
<PARTYLEDGERNAME>CHETAK ENTERPRISES</PARTYLEDGERNAME>
<PERSISTEDVIEW>Accounting Voucher View</PERSISTEDVIEW>

<!-- PARTY (CREDIT) -->
<ALLLEDGERENTRIES.LIST>
<LEDGERNAME>CHETAK ENTERPRISES</LEDGERNAME>
<ISDEEMEDPOSITIVE>No</ISDEEMEDPOSITIVE>
<AMOUNT>87360.00</AMOUNT>
<BILLALLOCATIONS.LIST>
<NAME>2305</NAME>
<BILLTYPE>New Ref</BILLTYPE>
<AMOUNT>87360.00</AMOUNT>
</BILLALLOCATIONS.LIST>
</ALLLEDGERENTRIES.LIST>
<ALLLEDGERENTRIES.LIST>
<LEDGERNAME>Local Purchase 12%</LEDGERNAME>
<ISDEEMEDPOSITIVE>Yes</ISDEEMEDPOSITIVE>
<AMOUNT>-78000.00</AMOUNT>
</ALLLEDGERENTRIES.LIST>
<ALLLEDGERENTRIES.LIST>
<LEDGERNAME>Input CGST 6%</LEDGERNAME>
<ISDEEMEDPOSITIVE>Yes</ISDEEMEDPOSITIVE>
<AMOUNT>-4680.00</AMOUNT>
</ALLLEDGERENTRIES.LIST>
<ALLLEDGERENTRIES.LIST>
<LEDGERNAME>Input SGST 6%</LEDGERNAME>
<ISDEEMEDPOSITIVE>Yes</ISDEEMEDPOSITIVE>
<AMOUNT>-4680.00</AMOUNT>
</ALLLEDGERENTRIES.LIST>
</VOUCHER>
</TALLYMESSAGE>
<TALLYMESSAGE xmlns:UDF="TallyUDF">
<VOUCHER VCHTYPE="Purchase" ACTION="Create" OBJTYPE="Voucher">
<DATE>20250419</DATE>
<REFERENCEDATE>20250419</REFERENCEDATE>
<VOUCHERTYPENAME>Purchase</VOUCHERTYPENAME>
<REFERENCE>2307</REFERENCE>
<VOUCHERNUMBER>2307</VOUCHERNUMBER>
<PARTYLEDGERNAME>CHETAK ENTERPRISES</PARTYLEDGERNAME>
<PERSISTEDVIEW>Accounting Voucher View</PERSISTEDVIEW>

<!-- PARTY (CREDIT) -->
<ALLLEDGERENTRIES.LIST>
<LEDGERNAME>CHETAK ENTERPRISES</LEDGERNAME>
<ISDEEMEDPOSITIVE>No</ISDEEMEDPOSITIVE>
<AMOUNT>90272.00</AMOUNT>
<BILLALLOCATIONS.LIST>
<NAME>2307</NAME>
<BILLTYPE>New Ref</BILLTYPE>
<AMOUNT>90272.00</AMOUNT>
</BILLALLOCATIONS.LIST>
</ALLLEDGERENTRIES.LIST>
<ALLLEDGERENTRIES.LIST>
<LEDGERNAME>Local Purchase 12%</LEDGERNAME>
<ISDEEMEDPOSITIVE>Yes</ISDEEMEDPOSITIVE>
<AMOUNT>-80600.00</AMOUNT>
</ALLLEDGERENTRIES.LIST>
<ALLLEDGERENTRIES.LIST>
<LEDGERNAME>Input CGST 6%</LEDGERNAME>
<ISDEEMEDPOSITIVE>Yes</ISDEEMEDPOSITIVE>
<AMOUNT>-4836.00</AMOUNT>
</ALLLEDGERENTRIES.LIST>
<ALLLEDGERENTRIES.LIST>
<LEDGERNAME>Input SGST 6%</LEDGERNAME>
<ISDEEMEDPOSITIVE>Yes</ISDEEMEDPOSITIVE>
<AMOUNT>-4836.00</AMOUNT>
</ALLLEDGERENTRIES.LIST>
</VOUCHER>
</TALLYMESSAGE>
<TALLYMESSAGE xmlns:UDF="TallyUDF">
<VOUCHER VCHTYPE="Purchase" ACTION="Create" OBJTYPE="Voucher">
<DATE>20250426</DATE>
<REFERENCEDATE>20250426</REFERENCEDATE>
<VOUCHERTYPENAME>Purchase</VOUCHERTYPENAME>
<REFERENCE>41</REFERENCE>
<VOUCHERNUMBER>41</VOUCHERNUMBER>
<PARTYLEDGERNAME>RATHORE PAPER MART</PARTYLEDGERNAME>
<PERSISTEDVIEW>Accounting Voucher View</PERSISTEDVIEW>

<!-- PARTY (CREDIT) -->
<ALLLEDGERENTRIES.LIST>
<LEDGERNAME>RATHORE PAPER MART</LEDGERNAME>
<ISDEEMEDPOSITIVE>No</ISDEEMEDPOSITIVE>
<AMOUNT>98996.00</AMOUNT>
<BILLALLOCATIONS.LIST>
<NAME>41</NAME>
<BILLTYPE>New Ref</BILLTYPE>
<AMOUNT>98996.00</AMOUNT>
</BILLALLOCATIONS.LIST>
</ALLLEDGERENTRIES.LIST>
<ALLLEDGERENTRIES.LIST>
<LEDGERNAME>Local Purchase 12%</LEDGERNAME>
<ISDEEMEDPOSITIVE>Yes</ISDEEMEDPOSITIVE>
<AMOUNT>-88389.00</AMOUNT>
</ALLLEDGERENTRIES.LIST>
<ALLLEDGERENTRIES.LIST>
<LEDGERNAME>Input CGST 6%</LEDGERNAME>
<ISDEEMEDPOSITIVE>Yes</ISDEEMEDPOSITIVE>
<AMOUNT>-5303.34</AMOUNT>
</ALLLEDGERENTRIES.LIST>
<ALLLEDGERENTRIES.LIST>
<LEDGERNAME>Input SGST 6%</LEDGERNAME>
<ISDEEMEDPOSITIVE>Yes</ISDEEMEDPOSITIVE>
<AMOUNT>-5303.34</AMOUNT>
</ALLLEDGERENTRIES.LIST>
<ALLLEDGERENTRIES.LIST>
<LEDGERNAME>Round Off</LEDGERNAME>
<ISDEEMEDPOSITIVE>No</ISDEEMEDPOSITIVE>
<AMOUNT>-0.32</AMOUNT>
</ALLLEDGERENTRIES.LIST>
</VOUCHER>
</TALLYMESSAGE>
<TALLYMESSAGE xmlns:UDF="TallyUDF">
<VOUCHER VCHTYPE="Purchase" ACTION="Create" OBJTYPE="Voucher">
<DATE>20250428</DATE>
<REFERENCEDATE>20250428</REFERENCEDATE>
<VOUCHERTYPENAME>Purchase</VOUCHERTYPENAME>
<REFERENCE>45</REFERENCE>
<VOUCHERNUMBER>45</VOUCHERNUMBER>
<PARTYLEDGERNAME>RATHORE PAPER MART</PARTYLEDGERNAME>
<PERSISTEDVIEW>Accounting Voucher View</PERSISTEDVIEW>

<!-- PARTY (CREDIT) -->
<ALLLEDGERENTRIES.LIST>
<LEDGERNAME>RATHORE PAPER MART</LEDGERNAME>
<ISDEEMEDPOSITIVE>No</ISDEEMEDPOSITIVE>
<AMOUNT>95479.00</AMOUNT>
<BILLALLOCATIONS.LIST>
<NAME>45</NAME>
<BILLTYPE>New Ref</BILLTYPE>
<AMOUNT>95479.00</AMOUNT>
</BILLALLOCATIONS.LIST>
</ALLLEDGERENTRIES.LIST>
<ALLLEDGERENTRIES.LIST>
<LEDGERNAME>Local Purchase 12%</LEDGERNAME>
<ISDEEMEDPOSITIVE>Yes</ISDEEMEDPOSITIVE>
<AMOUNT>-85249.50</AMOUNT>
</ALLLEDGERENTRIES.LIST>
<ALLLEDGERENTRIES.LIST>
<LEDGERNAME>Input CGST 6%</LEDGERNAME>
<ISDEEMEDPOSITIVE>Yes</ISDEEMEDPOSITIVE>
<AMOUNT>-5114.97</AMOUNT>
</ALLLEDGERENTRIES.LIST>
<ALLLEDGERENTRIES.LIST>
<LEDGERNAME>Input SGST 6%</LEDGERNAME>
<ISDEEMEDPOSITIVE>Yes</ISDEEMEDPOSITIVE>
<AMOUNT>-5114.97</AMOUNT>
</ALLLEDGERENTRIES.LIST>
<ALLLEDGERENTRIES.LIST>
<LEDGERNAME>Round Off</LEDGERNAME>
<ISDEEMEDPOSITIVE>Yes</ISDEEMEDPOSITIVE>
<AMOUNT>0.44</AMOUNT>
</ALLLEDGERENTRIES.LIST>
</VOUCHER>
</TALLYMESSAGE>
</REQUESTDATA>
</IMPORTDATA>
</BODY>
</ENVELOPE>